@article{ITTI20091295,
title = {Bayesian surprise attracts human attention},
journal = {Vision Research},
volume = {49},
number = {10},
pages = {1295-1306},
year = {2009},
author = {Laurent Itti and Pierre Baldi},
}

@article{friston2012perceptions,
  title={Perceptions as hypotheses: saccades as experiments},
  author={Friston, Karl and Adams, Rick A and Perrinet, Laurent and Breakspear, Michael},
  journal={Frontiers in psychology},
  volume={3},
  pages={151},
  year={2012},
  publisher={Frontiers Research Foundation}
}

@article{friston2005theory,
  title={A theory of cortical responses},
  author={Friston, Karl},
  journal={Philosophical transactions of the Royal Society B: Biological sciences},
  volume={360},
  number={1456},
  pages={815--836},
  year={2005},
  publisher={The Royal Society London}
}


@article{Klyubin2005EmpowermentAU,
  title={Empowerment: a universal agent-centric measure of control},
  author={Alexander S. Klyubin and Daniel Polani and Chrystopher L. Nehaniv},
  journal={2005 IEEE Congress on Evolutionary Computation},
  year={2005},
  volume={1},
  pages={128-135 Vol.1}
}

@article{geisler1989sequential,
  title={Sequential ideal-observer analysis of visual discriminations.},
  author={Geisler, Wilson S},
  journal={Psychological review},
  volume={96},
  number={2},
  pages={267},
  year={1989},
  publisher={American Psychological Association}
}

@phdthesis{basanisi2021neurophysiological,
  title={Neurophysiological and computational bases of goal-directed behavior},
  author={Basanisi, Ruggero},
  year={2021},
  school={Aix-Marseille}
}

@article{knill2004bayesian,
  title={The Bayesian brain: the role of uncertainty in neural coding and computation},
  author={Knill, David C and Pouget, Alexandre},
  journal={TRENDS in Neurosciences},
  volume={27},
  number={12},
  pages={712--719},
  year={2004},
  publisher={Elsevier}
}

@article{rao1999predictive,
  title={Predictive coding in the visual cortex: a functional interpretation of some extra-classical receptive-field effects},
  author={Rao, Rajesh PN and Ballard, Dana H},
  journal={Nature neuroscience},
  volume={2},
  number={1},
  pages={79--87},
  year={1999},
  publisher={Nature Publishing Group}
}

@article{knill2004bayesian,
  title={The Bayesian brain: the role of uncertainty in neural coding and computation},
  author={Knill, David C and Pouget, Alexandre},
  journal={TRENDS in Neurosciences},
  volume={27},
  number={12},
  pages={712--719},
  year={2004},
  publisher={Elsevier}
}

@inproceedings{hazan2019provably,
	title={Provably efficient maximum entropy exploration},
	author={Hazan, Elad and Kakade, Sham and Singh, Karan and Van Soest, Abby},
	booktitle={International Conference on Machine Learning},
	pages={2681--2691},
	year={2019},
	organization={PMLR}
}


@article{bellman1966dynamic,
	title={Dynamic programming},
	author={Bellman, Richard},
	journal={Science},
	volume={153},
	number={3731},
	pages={34--37},
	year={1966},
	publisher={American Association for the Advancement of Science}
}

@inproceedings{song2019revisiting,
	title={Revisiting the softmax bellman operator: New benefits and new perspective},
	author={Song, Zhao and Parr, Ron and Carin, Lawrence},
	booktitle={International Conference on Machine Learning},
	pages={5916--5925},
	year={2019},
	organization={PMLR}
}

@article{ho2016generative,
	title={Generative adversarial imitation learning},
	author={Ho, Jonathan and Ermon, Stefano},
	journal={Advances in neural information processing systems},
	volume={29},
	pages={4565--4573},
	year={2016}
}

@inproceedings{haarnoja2018soft,
	title={Soft actor-critic: Off-policy maximum entropy deep reinforcement learning with a stochastic actor},
	author={Haarnoja, Tuomas and Zhou, Aurick and Abbeel, Pieter and Levine, Sergey},
	booktitle={International conference on machine learning},
	pages={1861--1870},
	year={2018},
	organization={PMLR}
}

@book{sutton1998introduction,
	title={Introduction to reinforcement learning},
	author={Sutton, Richard S and Barto, Andrew G and others},
	volume={135},
	year={1998},
	publisher={MIT press Cambridge}
}

@article{eysenbach2019if,
	title={If maxent rl is the answer, what is the question?},
	author={Eysenbach, Benjamin and Levine, Sergey},
	journal={arXiv preprint arXiv:1910.01913},
	year={2019}
}

@inproceedings{furmston2010variational,
	title={Variational methods for reinforcement learning},
	author={Furmston, Thomas and Barber, David},
	booktitle={Proceedings of the Thirteenth International Conference on Artificial Intelligence and Statistics},
	pages={241--248},
	year={2010},
	organization={JMLR Workshop and Conference Proceedings}
}


@book{puterman2014markov,
	title={Markov decision processes: discrete stochastic dynamic programming},
	author={Puterman, Martin L},
	year={2014},
	publisher={John Wiley \& Sons}
}

@article{levine2018reinforcement,
	title={Reinforcement learning and control as probabilistic inference: Tutorial and review},
	author={Levine, Sergey},
	journal={arXiv preprint arXiv:1805.00909},
	year={2018}
}

@article{harutyunyan2019hindsight,
	title={Hindsight credit assignment},
	author={Harutyunyan, Anna and Dabney, Will and Mesnard, Thomas and Gheshlaghi Azar, Mohammad and Piot, Bilal and Heess, Nicolas and van Hasselt, Hado P and Wayne, Gregory and Singh, Satinder and Precup, Doina and others},
	journal={Advances in neural information processing systems},
	volume={32},
	pages={12488--12497},
	year={2019}
}

@article{sutton1988learning,
	title={Learning to predict by the methods of temporal differences},
	author={Sutton, Richard S},
	journal={Machine learning},
	volume={3},
	number={1},
	pages={9--44},
	year={1988},
	publisher={Springer}
}

@article{kingma2013auto,
	title={Auto-encoding variational bayes},
	author={Kingma, Diederik P and Welling, Max},
	journal={arXiv preprint arXiv:1312.6114},
	year={2013}
}

@article{mnih2013playing,
	title={Playing atari with deep reinforcement learning},
	author={Mnih, Volodymyr and Kavukcuoglu, Koray and Silver, David and Graves, Alex and Antonoglou, Ioannis and Wierstra, Daan and Riedmiller, Martin},
	journal={arXiv preprint arXiv:1312.5602},
	year={2013}
}

@article{pedregosa2011scikit,
	title={Scikit-learn: Machine learning in Python},
	author={Pedregosa, Fabian and Varoquaux, Ga{\"e}l and Gramfort, Alexandre and Michel, Vincent and Thirion, Bertrand and Grisel, Olivier and Blondel, Mathieu and Prettenhofer, Peter and Weiss, Ron and Dubourg, Vincent and others},
	journal={the Journal of machine Learning research},
	volume={12},
	pages={2825--2830},
	year={2011},
	publisher={JMLR. org}
}

@inproceedings{fujimoto2018addressing,
	title={Addressing function approximation error in actor-critic methods},
	author={Fujimoto, Scott and Hoof, Herke and Meger, David},
	booktitle={International Conference on Machine Learning},
	pages={1587--1596},
	year={2018},
	organization={PMLR}
}

@article{SpinningUp2018,
	author = {Achiam, Joshua},
	title = {{Spinning Up in Deep Reinforcement Learning}},
	year = {2018}
}

@article{schulman2017proximal,
	title={Proximal policy optimization algorithms},
	author={Schulman, John and Wolski, Filip and Dhariwal, Prafulla and Radford, Alec and Klimov, Oleg},
	journal={arXiv preprint arXiv:1707.06347},
	year={2017}
}

@article{brockman2016openai,
	title={Openai gym},
	author={Brockman, Greg and Cheung, Vicki and Pettersson, Ludwig and Schneider, Jonas and Schulman, John and Tang, Jie and Zaremba, Wojciech},
	journal={arXiv preprint arXiv:1606.01540},
	year={2016}
}

@article{schulman2015high,
	title={High-dimensional continuous control using generalized advantage estimation},
	author={Schulman, John and Moritz, Philipp and Levine, Sergey and Jordan, Michael and Abbeel, Pieter},
	journal={arXiv preprint arXiv:1506.02438},
	year={2015}
}

@inproceedings{todorov2012mujoco,
	title={Mujoco: A physics engine for model-based control},
	author={Todorov, Emanuel and Erez, Tom and Tassa, Yuval},
	booktitle={2012 IEEE/RSJ International Conference on Intelligent Robots and Systems},
	pages={5026--5033},
	year={2012},
	organization={IEEE}
}

@article{fellows2019virel,
	title={Virel: A variational inference framework for reinforcement learning},
	author={Fellows, Matthew and Mahajan, Anuj and Rudner, Tim GJ and Whiteson, Shimon},
	journal={Advances in Neural Information Processing Systems},
	volume={32},
	pages={7122--7136},
	year={2019}
}

@article{abdolmaleki2018maximum,
	title={Maximum a posteriori policy optimisation},
	author={Abdolmaleki, Abbas and Springenberg, Jost Tobias and Tassa, Yuval and Munos, Remi and Heess, Nicolas and Riedmiller, Martin},
	journal={arXiv preprint arXiv:1806.06920},
	year={2018}
}

@inproceedings{tang2017exploration,
	title={\# exploration: A study of count-based exploration for deep reinforcement learning},
	author={Tang, Haoran and Houthooft, Rein and Foote, Davis and Stooke, Adam and Chen, Xi and Duan, Yan and Schulman, John and De Turck, Filip and Abbeel, Pieter},
	booktitle={31st Conference on Neural Information Processing Systems (NIPS)},
	volume={30},
	pages={1--18},
	year={2017}
}

@article{schmidhuber2009simple,
	title={Simple algorithmic theory of subjective beauty, novelty, surprise, interestingness, attention, curiosity, creativity, art, science, music, jokes},
	author={Schmidhuber, Jurgen and others},
	journal={Journal of SICE},
	volume={48},
	number={1},
	year={2009},
	publisher={Citeseer}
}

@article{oudeyer2007intrinsic,
	title={Intrinsic motivation systems for autonomous mental development},
	author={Oudeyer, Pierre-Yves and Kaplan, Frdric and Hafner, Verena V},
	journal={IEEE transactions on evolutionary computation},
	volume={11},
	number={2},
	pages={265--286},
	year={2007},
	publisher={IEEE}
}

@article{bellemare2016unifying,
	title={Unifying count-based exploration and intrinsic motivation},
	author={Bellemare, Marc and Srinivasan, Sriram and Ostrovski, Georg and Schaul, Tom and Saxton, David and Munos, Remi},
	journal={Advances in neural information processing systems},
	volume={29},
	pages={1471--1479},
	year={2016}
}

@article{lee2019efficient,
	title={Efficient exploration via state marginal matching},
	author={Lee, Lisa and Eysenbach, Benjamin and Parisotto, Emilio and Xing, Eric and Levine, Sergey and Salakhutdinov, Ruslan},
	journal={arXiv preprint arXiv:1906.05274},
	year={2019}
}

@inproceedings{dauce2020end,
	title={End-Effect Exploration Drive for Effective Motor Learning},
	author={Dauc{\'e}, Emmanuel},
	booktitle={International Workshop on Active Inference},
	pages={114--124},
	year={2020},
	organization={Springer}
}

@article{herrnstein1961relative,
	title={Relative and absolute strength of response as a function of frequency of reinforcement},
	author={Herrnstein, Richard J},
	journal={Journal of the experimental analysis of behavior},
	volume={4},
	number={3},
	pages={267},
	year={1961},
	publisher={Society for the Experimental Analysis of Behavior}
}

@inproceedings{pathak2017curiosity,
	title={Curiosity-driven exploration by self-supervised prediction},
	author={Pathak, Deepak and Agrawal, Pulkit and Efros, Alexei A and Darrell, Trevor},
	booktitle={International conference on machine learning},
	pages={2778--2787},
	year={2017},
	organization={PMLR}
}

@article{houthooft2016vime,
	title={Vime: Variational information maximizing exploration},
	author={Houthooft, Rein and Chen, Xi and Duan, Yan and Schulman, John and De Turck, Filip and Abbeel, Pieter},
	journal={arXiv preprint arXiv:1605.09674},
	year={2016}
}

@article{mohamed2015variational,
	title={Variational information maximisation for intrinsically motivated reinforcement learning},
	author={Mohamed, Shakir and Rezende, Danilo Jimenez},
	journal={arXiv preprint arXiv:1509.08731},
	year={2015}
}

@ARTICLE{10.3389/fnbot.2019.00115,
	
	AUTHOR={Santucci, Vieri Giuliano and Oudeyer, Pierre-Yves and Barto, Andrew and Baldassarre, Gianluca},   
	
	TITLE={Editorial: Intrinsically Motivated Open-Ended Learning in Autonomous Robots},      
	
	JOURNAL={Frontiers in Neurorobotics},      
	
	VOLUME={13},      
	
	PAGES={115},     
	
	YEAR={2020},      
	
	ISSN={1662-5218}   
	
}

@article{dayan1993improving,
	title={Improving generalization for temporal difference learning: The successor representation},
	author={Dayan, Peter},
	journal={Neural Computation},
	volume={5},
	number={4},
	pages={613--624},
	year={1993},
	publisher={MIT Press}
}

@article{sabes1996reinforcement,
	title={Reinforcement learning by probability matching},
	author={Sabes, Philip N and Jordan, Michael I},
	journal={Advances in neural information processing systems},
	pages={1080--1086},
	year={1996},
	publisher={MORGAN KAUFMANN PUBLISHERS}
}

@article{o2020making,
	title={Making sense of reinforcement learning and probabilistic inference},
	author={O'Donoghue, Brendan and Osband, Ian and Ionescu, Catalin},
	journal={arXiv preprint arXiv:2001.00805},
	year={2020}
}

@article{lanillos2021active,
  title={Active Inference in Robotics and Artificial Agents: Survey and Challenges},
  author={Lanillos, Pablo and Meo, Cristian and Pezzato, Corrado and Meera, Ajith Anil and Baioumy, Mohamed and Ohata, Wataru and Tschantz, Alexander and Millidge, Beren and Wisse, Martijn and Buckley, Christopher L and others},
  journal={arXiv preprint arXiv:2112.01871},
  year={2021}
}

@article{eysenbach2018diversity,
  title={Diversity is all you need: Learning skills without a reward function},
  author={Eysenbach, Benjamin and Gupta, Abhishek and Ibarz, Julian and Levine, Sergey},
  journal={arXiv preprint arXiv:1802.06070},
  year={2018}
}

@article{williams1992simple,
  title={Simple statistical gradient-following algorithms for connectionist reinforcement learning},
  author={Williams, Ronald J},
  journal={Machine learning},
  volume={8},
  number={3},
  pages={229--256},
  year={1992},
  publisher={Springer}
}

@article{kadmon2019movement,
  title={Movement decomposition in the primary motor cortex},
  author={Kadmon Harpaz, Naama and Ungarish, David and Hatsopoulos, Nicholas G and Flash, Tamar},
  journal={Cerebral cortex},
  volume={29},
  number={4},
  pages={1619--1633},
  year={2019},
  publisher={Oxford University Press}
}

@inproceedings{dauce2020end,
  title={End-Effect Exploration Drive for Effective Motor Learning},
  author={Dauc{\'e}, Emmanuel},
  booktitle={International Workshop on Active Inference},
  pages={114--124},
  year={2020},
  organization={Springer}
}

@article{griffiths2008bayesian,
  title={Bayesian models of cognition},
  author={L Griffiths, Thomas and Kemp, Charles and B Tenenbaum, Joshua},
  year={2008},
  publisher={Carnegie Mellon University}
}
@book{doya2007bayesian,
  title={Bayesian brain: Probabilistic approaches to neural coding},
  author={Doya, Kenji},
  year={2007},
  publisher={MIT press}
}

@book{bishop2006pattern,
  title={Pattern recognition and machine learning},
  author={Bishop, Christopher M and Nasrabadi, Nasser M},
  volume={4},
  number={4},
  year={2006},
  publisher={Springer}
}

@book{gelman1995bayesian,
  title={Bayesian data analysis},
  author={Gelman, Andrew and Carlin, John B and Stern, Hal S and Rubin, Donald B},
  year={1995},
  publisher={Chapman and Hall/CRC}
}

@article{myung2003tutorial,
  title={Tutorial on maximum likelihood estimation},
  author={Myung, In Jae},
  journal={Journal of mathematical Psychology},
  volume={47},
  number={1},
  pages={90--100},
  year={2003},
  publisher={Elsevier}
}

@article{kingma2013auto,
  title={Auto-encoding variational bayes},
  author={Kingma, Diederik P and Welling, Max},
  journal={arXiv preprint arXiv:1312.6114},
  year={2013}
}

@article{blei2017variational,
  title={Variational inference: A review for statisticians},
  author={Blei, David M and Kucukelbir, Alp and McAuliffe, Jon D},
  journal={Journal of the American statistical Association},
  volume={112},
  number={518},
  pages={859--877},
  year={2017},
  publisher={Taylor \& Francis}
}

@article{simoncelli2001natural,
  title={Natural image statistics and neural representation},
  author={Simoncelli, Eero P and Olshausen, Bruno A},
  journal={Annual review of neuroscience},
  volume={24},
  number={1},
  pages={1193--1216},
  year={2001},
  publisher={Annual Reviews 4139 El Camino Way, PO Box 10139, Palo Alto, CA 94303-0139, USA}
}

@article{geisler2008visual,
  title={Visual perception and the statistical properties of natural scenes},
  author={Geisler, Wilson S},
  journal={Annu. Rev. Psychol.},
  volume={59},
  pages={167--192},
  year={2008},
  publisher={Annual Reviews}
}

@article{hinton1995wake,
  title={The" wake-sleep" algorithm for unsupervised neural networks},
  author={Hinton, Geoffrey E and Dayan, Peter and Frey, Brendan J and Neal, Radford M},
  journal={Science},
  volume={268},
  number={5214},
  pages={1158--1161},
  year={1995},
  publisher={American Association for the Advancement of Science}
}
@inproceedings{rombach2022high,
  title={High-resolution image synthesis with latent diffusion models},
  author={Rombach, Robin and Blattmann, Andreas and Lorenz, Dominik and Esser, Patrick and Ommer, Bj{\"o}rn},
  booktitle={Proceedings of the IEEE/CVF conference on computer vision and pattern recognition},
  pages={10684--10695},
  year={2022}
}

@article{kording2004bayesian,
  title={Bayesian integration in sensorimotor learning},
  author={K{\"o}rding, Konrad P and Wolpert, Daniel M},
  journal={Nature},
  volume={427},
  number={6971},
  pages={244--247},
  year={2004},
  publisher={Nature Publishing Group UK London}
}

@article{todorov2001optimal,
  title={Optimal feedback control as a theory of motor coordination},
  author={Todorov, Emanuel and Jordan, Michael I},
  journal={Nature neuroscience},
  volume={5},
  number={11},
  pages={1226--1235},
  year={2002},
  publisher={Nature Publishing Group US New York}
}

@article{friston2010free,
  title={The free-energy principle: a unified brain theory?},
  author={Friston, Karl},
  journal={Nature reviews neuroscience},
  volume={11},
  number={2},
  pages={127--138},
  year={2010},
  publisher={Nature publishing group}
}

@inproceedings{schmidhuber1991curious,
  title={Curious model-building control systems},
  author={Schmidhuber, J{\"u}rgen},
  booktitle={Proc. international joint conference on neural networks},
  pages={1458--1463},
  year={1991}
}

@article{fiser2010statistically,
  title={Statistically optimal perception and learning: from behavior to neural representations},
  author={Fiser, J{\'o}zsef and Berkes, Pietro and Orb{\'a}n, Gerg{\H{o}} and Lengyel, M{\'a}t{\'e}},
  journal={Trends in cognitive sciences},
  volume={14},
  number={3},
  pages={119--130},
  year={2010},
  publisher={Elsevier}
}

@inproceedings{klyubin2005empowerment,
  title={Empowerment: A universal agent-centric measure of control},
  author={Klyubin, Alexander S and Polani, Daniel and Nehaniv, Chrystopher L},
  booktitle={2005 ieee congress on evolutionary computation},
  volume={1},
  pages={128--135},
  year={2005},
  organization={IEEE}
}

@article{modirshanechi2022taxonomy,
  title={A taxonomy of surprise definitions},
  author={Modirshanechi, Alireza and Brea, Johanni and Gerstner, Wulfram},
  journal={Journal of Mathematical Psychology},
  volume={110},
  pages={102712},
  year={2022},
  publisher={Elsevier}
}

@article{friston2023free,
  title={The free energy principle made simpler but not too simple},
  author={Friston, Karl and Da Costa, Lancelot and Sajid, Noor and Heins, Conor and Ueltzh{\"o}ffer, Kai and Pavliotis, Grigorios A and Parr, Thomas},
  journal={Physics Reports},
  volume={1024},
  pages={1--29},
  year={2023},
  publisher={Elsevier}
}

@article{behrens2007learning,
  title={Learning the value of information in an uncertain world},
  author={Behrens, Timothy EJ and Woolrich, Mark W and Walton, Mark E and Rushworth, Matthew FS},
  journal={Nature neuroscience},
  volume={10},
  number={9},
  pages={1214--1221},
  year={2007},
  publisher={Nature Publishing Group US New York}
}

@article{summerfield2009expectation,
  title={Expectation (and attention) in visual cognition},
  author={Summerfield, Christopher and Egner, Tobias},
  journal={Trends in cognitive sciences},
  volume={13},
  number={9},
  pages={403--409},
  year={2009},
  publisher={Elsevier}
}
@article{cohen2007should,
  title={Should I stay or should I go? How the human brain manages the trade-off between exploitation and exploration},
  author={Cohen, Jonathan D and McClure, Samuel M and Yu, Angela J},
  journal={Philosophical Transactions of the Royal Society B: Biological Sciences},
  volume={362},
  number={1481},
  pages={933--942},
  year={2007},
  publisher={The Royal Society London}
}

@article{schulz2007serious,
  title={Serious fun: preschoolers engage in more exploratory play when evidence is confounded.},
  author={Schulz, Laura E and Bonawitz, Elizabeth Baraff},
  journal={Developmental psychology},
  volume={43},
  number={4},
  pages={1045},
  year={2007},
  publisher={American Psychological Association}
}

@article{oudeyer2016intrinsic,
  title={Intrinsic motivation, curiosity, and learning: Theory and applications in educational technologies},
  author={Oudeyer, P-Y and Gottlieb, Jacqueline and Lopes, Manuel},
  journal={Progress in brain research},
  volume={229},
  pages={257--284},
  year={2016},
  publisher={Elsevier}
}

@article{garrido2013outlier,
  title={Outlier responses reflect sensitivity to statistical structure in the human brain},
  author={Garrido, Marta I and Sahani, Maneesh and Dolan, Raymond J},
  journal={PLoS computational biology},
  volume={9},
  number={3},
  pages={e1002999},
  year={2013},
  publisher={Public Library of Science San Francisco, USA}
}
@article{wilson2014humans,
  title={Humans use directed and random exploration to solve the explore--exploit dilemma.},
  author={Wilson, Robert C and Geana, Andra and White, John M and Ludvig, Elliot A and Cohen, Jonathan D},
  journal={Journal of experimental psychology: General},
  volume={143},
  number={6},
  pages={2074},
  year={2014},
  publisher={American Psychological Association}
}

@article{oaksford1994rational,
  title={A rational analysis of the selection task as optimal data selection.},
  author={Oaksford, Mike and Chater, Nick},
  journal={Psychological review},
  volume={101},
  number={4},
  pages={608},
  year={1994},
  publisher={American Psychological Association}
}

@article{nelson2005finding,
  title={Finding useful questions: on Bayesian diagnosticity, probability, impact, and information gain.},
  author={Nelson, Jonathan D},
  journal={Psychological review},
  volume={112},
  number={4},
  pages={979},
  year={2005},
  publisher={American Psychological Association}
}

@article{gottlieb2013information,
  title={Information-seeking, curiosity, and attention: computational and neural mechanisms},
  author={Gottlieb, Jacqueline and Oudeyer, Pierre-Yves and Lopes, Manuel and Baranes, Adrien},
  journal={Trends in cognitive sciences},
  volume={17},
  number={11},
  pages={585--593},
  year={2013},
  publisher={Elsevier}
}

@article{kidd2015psychology,
  title={The psychology and neuroscience of curiosity},
  author={Kidd, Celeste and Hayden, Benjamin Y},
  journal={Neuron},
  volume={88},
  number={3},
  pages={449--460},
  year={2015},
  publisher={Elsevier}
}

@article{robbins1952some,
  title={Some aspects of the sequential design of experiments},
  author={Robbins, Herbert},
  journal={Bulletin of the American Mathematical Society},
  volume={58},
  number={5},
  pages={527-535},
  year={1952}
}


@article{thompson1933likelihood,
  title={On the likelihood that one unknown probability exceeds another in view of the evidence of two samples},
  author={Thompson, William R},
  journal={Biometrika},
  volume={25},
  number={3-4},
  pages={285--294},
  year={1933},
  publisher={Oxford University Press}
}



@article{chapelle2011empirical,
  title={An empirical evaluation of thompson sampling},
  author={Chapelle, Olivier and Li, Lihong},
  journal={Advances in neural information processing systems},
  volume={24},
  year={2011}
}

@article{auer2002finite,
  title={Finite-time analysis of the multiarmed bandit problem},
  author={Auer, Peter and Cesa-Bianchi, Nicolo and Fischer, Paul},
  journal={Machine learning},
  volume={47},
  pages={235--256},
  year={2002},
  publisher={Springer}
}

@article{bellemare2016unifying,
  title={Unifying count-based exploration and intrinsic motivation},
  author={Bellemare, Marc and Srinivasan, Sriram and Ostrovski, Georg and Schaul, Tom and Saxton, David and Munos, Remi},
  journal={Advances in neural information processing systems},
  volume={29},
  year={2016}
}


\bibitem[Dearden et al., 1999]{Dearden1999}
Dearden, R., Friedman, N., & Russell, S. (1999). Bayesian Q-learning. In \textit{Proceedings of the Fifteenth Conference on Uncertainty in Artificial Intelligence} (pp. 144-151).

\bibitem[Cohn et al., 1996]{Cohn1996}
Cohn, D. A., Atlas, L. E., & Ladner, R. E. (1996). Improving generalization with active learning. \textit{Machine Learning}, 15(2), 201-221.

@inproceedings{dauce2022concurrent,
  title={Concurrent Credit Assignment for Data-efficient Reinforcement Learning},
  author={Dauc{\'e}, Emmanuel},
  booktitle={2022 International Joint Conference on Neural Networks (IJCNN)},
  pages={1--8},
  year={2022},
  organization={IEEE}
}
